@inproceedings{hoiem2005geometric,
  title={Geometric context from a single image},
  author={Hoiem, Derek and Efros, Alexei A and Hebert, Martial},
  booktitle={Tenth IEEE International Conference on Computer Vision (ICCV'05) Volume 1},
  volume={1},
  pages={654--661},
  year={2005},
  organization={IEEE}
}

@inproceedings{casser2019depth,
	title={Depth prediction without the sensors: Leveraging structure for unsupervised learning from monocular videos},
	author={Casser, Vincent and Pirk, Soeren and Mahjourian, Reza and Angelova, Anelia},
	booktitle={Proceedings of the AAAI Conference on Artificial Intelligence},
	volume={33},
	pages={8001--8008},
	year={2019}
}